<?xml version="1.0" encoding="UTF-8"?>
  <record xmlns="http://www.loc.gov/MARC21/slim" type="Authority">
    <leader>00000nz  a2200000nc 4500</leader>
    <controlfield tag="001">041848209</controlfield>
    <controlfield tag="003">DE-101</controlfield>
    <controlfield tag="005">20210511134703.0</controlfield>
    <controlfield tag="008">880701n||azznnaabn           | ana    |c</controlfield>
    <datafield tag="024" ind1="7" ind2=" ">
      <subfield code="a">4184820-2</subfield>
      <subfield code="0">http://d-nb.info/gnd/4184820-2</subfield>
      <subfield code="2">gnd</subfield>
    </datafield>
    <datafield tag="035" ind1=" " ind2=" ">
      <subfield code="a">(DE-101)041848209</subfield>
    </datafield>
    <datafield tag="035" ind1=" " ind2=" ">
      <subfield code="a">(DE-588)4184820-2</subfield>
    </datafield>
    <datafield tag="035" ind1=" " ind2=" ">
      <subfield code="z">(DE-588c)4184820-2</subfield>
      <subfield code="9">v:zg</subfield>
    </datafield>
    <datafield tag="040" ind1=" " ind2=" ">
      <subfield code="a">DE-101</subfield>
      <subfield code="c">DE-101</subfield>
      <subfield code="9">r:DE-101</subfield>
      <subfield code="b">ger</subfield>
      <subfield code="d">1250</subfield>
      <subfield code="e">rda</subfield>
    </datafield>
    <datafield tag="042" ind1=" " ind2=" ">
      <subfield code="a">gnd1</subfield>
    </datafield>
    <datafield tag="065" ind1=" " ind2=" ">
      <subfield code="a">3.2a</subfield>
      <subfield code="2">sswd</subfield>
    </datafield>
    <datafield tag="065" ind1=" " ind2=" ">
      <subfield code="a">3.1</subfield>
      <subfield code="2">sswd</subfield>
    </datafield>
    <datafield tag="065" ind1=" " ind2=" ">
      <subfield code="a">3.3a</subfield>
      <subfield code="2">sswd</subfield>
    </datafield>
    <datafield tag="075" ind1=" " ind2=" ">
      <subfield code="b">u</subfield>
      <subfield code="2">gndgen</subfield>
    </datafield>
    <datafield tag="075" ind1=" " ind2=" ">
      <subfield code="b">wit</subfield>
      <subfield code="2">gndspec</subfield>
    </datafield>
    <datafield tag="079" ind1=" " ind2=" ">
      <subfield code="a">g</subfield>
      <subfield code="q">s</subfield>
      <subfield code="q">f</subfield>
      <subfield code="u">w</subfield>
    </datafield>
    <datafield tag="083" ind1="0" ind2="4">
      <subfield code="a">229.911</subfield>
      <subfield code="9">t:2010-08-26</subfield>
      <subfield code="2">22/ger</subfield>
    </datafield>
    <datafield tag="130" ind1=" " ind2="0">
      <subfield code="a">Testamenta XII Patriarcharum</subfield>
    </datafield>
    <datafield tag="430" ind1=" " ind2="0">
      <subfield code="a">Testamente der zwölf Patriarchen</subfield>
      <subfield code="9">v:R:ÖB-Alternative</subfield>
    </datafield>
    <datafield tag="430" ind1=" " ind2="0">
      <subfield code="a">Zwölfertestamente</subfield>
    </datafield>
    <datafield tag="430" ind1=" " ind2="0">
      <subfield code="a">Testamentum duodecim patriarcharum</subfield>
    </datafield>
    <datafield tag="430" ind1=" " ind2="0">
      <subfield code="a">Testament der zwölf Patriarchen</subfield>
    </datafield>
    <datafield tag="430" ind1=" " ind2="0">
      <subfield code="a">Testaments of the twelve patriarchs</subfield>
    </datafield>
    <datafield tag="430" ind1=" " ind2="0">
      <subfield code="a">Testament of the twelve patriarchs</subfield>
    </datafield>
    <datafield tag="430" ind1=" " ind2="0">
      <subfield code="a">Testamenta duodecim patriarcharum</subfield>
    </datafield>
    <datafield tag="430" ind1=" " ind2="0">
      <subfield code="a">Testamenta duodecim patriacharum</subfield>
    </datafield>
    <datafield tag="430" ind1=" " ind2="0">
      <subfield code="a">&#152;The&#156; Testaments of the Twelve Patriarchs</subfield>
    </datafield>
    <datafield tag="430" ind1=" " ind2="0">
      <subfield code="a">Bibel</subfield>
      <subfield code="p">Altes Testament</subfield>
      <subfield code="p">Apokryphen</subfield>
      <subfield code="p">Testamente der zwölf Patriarchen</subfield>
    </datafield>
    <datafield tag="530" ind1=" " ind2="0">
      <subfield code="0">(DE-101)040015157</subfield>
      <subfield code="0">(DE-588)4001515-4</subfield>
      <subfield code="0">https://d-nb.info/gnd/4001515-4</subfield>
      <subfield code="a">Bibel</subfield>
      <subfield code="p">Altes Testament</subfield>
      <subfield code="4">rela</subfield>
      <subfield code="4">https://d-nb.info/standards/elementset/gnd#relatedWork</subfield>
      <subfield code="w">r</subfield>
      <subfield code="i">Relation allgemein</subfield>
    </datafield>
    <datafield tag="530" ind1=" " ind2="0">
      <subfield code="0">(DE-101)040024342</subfield>
      <subfield code="0">(DE-588)4002434-9</subfield>
      <subfield code="0">https://d-nb.info/gnd/4002434-9</subfield>
      <subfield code="a">Apokryphen</subfield>
      <subfield code="4">obin</subfield>
      <subfield code="4">https://d-nb.info/standards/elementset/gnd#broaderTermInstantial</subfield>
      <subfield code="w">r</subfield>
      <subfield code="i">Oberbegriff instantiell</subfield>
    </datafield>
    <datafield tag="530" ind1=" " ind2="0">
      <subfield code="0">(DE-101)041239970</subfield>
      <subfield code="0">(DE-588)4123997-0</subfield>
      <subfield code="0">https://d-nb.info/gnd/4123997-0</subfield>
      <subfield code="a">Pseudepigraphen</subfield>
      <subfield code="4">obin</subfield>
      <subfield code="4">https://d-nb.info/standards/elementset/gnd#broaderTermInstantial</subfield>
      <subfield code="w">r</subfield>
      <subfield code="i">Oberbegriff instantiell</subfield>
    </datafield>
    <datafield tag="667" ind1=" " ind2=" ">
      <subfield code="a">VD-17</subfield>
    </datafield>
    <datafield tag="670" ind1=" " ind2=" ">
      <subfield code="a">DOC</subfield>
    </datafield>
    <datafield tag="913" ind1=" " ind2=" ">
      <subfield code="S">swd</subfield>
      <subfield code="i">t</subfield>
      <subfield code="a">Testamente der zwölf Patriarchen</subfield>
      <subfield code="0">(DE-588c)4184820-2</subfield>
    </datafield>
  </record>
